@article{shortcode,
author = {Lastname, Firstname},
file = {Diplomski_LovroMarkovi.pdf},
journal = {Journal name},
number = {xx},
pages = {x--xx},
title = {Title},
volume = {xx},
year = {1948}    
}
